@article{robinsconjecture,
    author  = {Brandon Fitelson},
    title   = {Using Mathematica to Understand the Computer Proof of the Robbins Conjecture},
    journal = {	Mathematica in Education and Research},
    year    = 1998,
	number  = 1,
    pages   = {17-26},
    volume  = 7
}

@article{hales_formalproof,
    author  = {Thomas C. Hales},
    title   = {Formal Proof},
    journal = {Notices of the AMS},
    year    = 2008,
	number  = 11,
    pages   = {1370-1380},
    volume  = 55
}

@online{isabellewebpage,
	author = {{University of Cambridge} and {TU MÃ¼nchen}},
	title = {Isabelle Webpage},
	url = {http://isabelle.in.tum.de}
}

@inproceedings{Gao2014,
    author={Hongbiao Goa and Yuichi Goto and Jingde Cheng},
	editor="Park, James J. and Pan, Yi and Kim, Cheon-Shik and Yang, Yun",
	title="Research on Automated Theorem Finding: Current State and Future Directions",
	booktitle="Future Information Technology: FutureTech 2014",
	series="Lecture Notes in Electrical Engineering",
	volume={309},
	year="2014",
	publisher="Springer",
	address="Berlin",
	pages = {105-110},
}
